<?xml version="1.0" encoding="UTF-8"?>
<collection xmlns:xsi="http://www.w3.org/2001/XMLSchema-instance" xsi:schemaLocation="http://www.loc.gov/MARC21/slim http://www.loc.gov/standards/marcxml/schema/MARC21slim.xsd" xmlns="http://www.loc.gov/MARC21/slim">
<record>
  <leader>01309cam a2200301   4500</leader>
  <controlfield tag="001">2960266</controlfield>
  <controlfield tag="003">NNC</controlfield>
  <controlfield tag="005">20130426002950.0</controlfield>
  <controlfield tag="008">931001m19631967su            000 0 arar </controlfield>
  <datafield tag="010" ind1=" " ind2=" ">
    <subfield code="a">ne 68000644 </subfield>
  </datafield>
  <datafield tag="035" ind1=" " ind2=" ">
    <subfield code="a">(OCoLC)214247362</subfield>
  </datafield>
  <datafield tag="035" ind1=" " ind2=" ">
    <subfield code="a">(OCoLC)ocn214247362</subfield>
  </datafield>
  <datafield tag="035" ind1=" " ind2=" ">
    <subfield code="9">ASK5471CU</subfield>
  </datafield>
  <datafield tag="035" ind1=" " ind2=" ">
    <subfield code="a">(NNC)2960266</subfield>
  </datafield>
  <datafield tag="040" ind1=" " ind2=" ">
    <subfield code="a">DLC</subfield>
    <subfield code="c">CUY</subfield>
    <subfield code="d">CUY</subfield>
    <subfield code="d">IUL</subfield>
    <subfield code="d">ZCU</subfield>
  </datafield>
  <datafield tag="050" ind1="0" ind2="0">
    <subfield code="a">BP135.A158</subfield>
    <subfield code="b">M82</subfield>
  </datafield>
  <datafield tag="100" ind1="1" ind2=" ">
    <subfield code="a">Mubārakfūrī, Muḥammad ʻAbd al-Raḥmān ibn ʻAbd al-Raḥīm,</subfield>
    <subfield code="d">1866 or 1867-1935.</subfield>
  </datafield>
  <datafield tag="245" ind1="1" ind2="0">
    <subfield code="a">Tuḥfat al-aḥwadhī bi-sharḥ Jāmiʻ al-Tirmidhī,</subfield>
    <subfield code="c">li-Abī al-ʻAlī Muḥammad ʻAbd al-Raḥman ibn ʻAbd al-Raḥīm al-Mubārakfūrī. Ashraf alá murājʻah usūlihi wa-taṣḥīḥihi ʻAbd al-Wahāb ʻAbd al-Laṭīf.</subfield>
  </datafield>
  <datafield tag="250" ind1=" " ind2=" ">
    <subfield code="a">[al-Ṭabah 2.]</subfield>
  </datafield>
  <datafield tag="260" ind1=" " ind2=" ">
    <subfield code="a">al-Madīnah al-Munawwarah :</subfield>
    <subfield code="b">al-Maktabah al-Salafīyah,</subfield>
    <subfield code="c">[1963-1967]</subfield>
  </datafield>
  <datafield tag="300" ind1=" " ind2=" ">
    <subfield code="a">10 v.</subfield>
    <subfield code="c">24 cm.</subfield>
  </datafield>
  <datafield tag="500" ind1=" " ind2=" ">
    <subfield code="a">Vols.2-10 edited by ʻAbd al-Raḥmān Muḥammad ʻUthmān.</subfield>
  </datafield>
  <datafield tag="500" ind1=" " ind2=" ">
    <subfield code="a">Vols.9-10 lack edition statement.</subfield>
  </datafield>
  <datafield tag="650" ind1=" " ind2="0">
    <subfield code="a">Hadith</subfield>
    <subfield code="x">Criticism, interpretation, etc.</subfield>
  </datafield>
  <datafield tag="600" ind1="1" ind2="0">
    <subfield code="a">Tirmidhī, Muḥammad ibn ʻĪsá,</subfield>
    <subfield code="d">-892.</subfield>
    <subfield code="t">Jāmiʻ al-ṣaḥīḥ.</subfield>
  </datafield>
  <datafield tag="700" ind1="1" ind2=" ">
    <subfield code="a">ʻAbd al-Laṭīf, ʻAbd al-Wahhāb.</subfield>
  </datafield>
  <datafield tag="700" ind1="1" ind2=" ">
    <subfield code="a">ʻUthmān, ʻAbd al-Raḥmān Muḥammad.</subfield>
  </datafield>
  <datafield tag="955" ind1=" " ind2=" ">
    <subfield code="b">0036758957</subfield>
    <subfield code="d">glx</subfield>
    <subfield code="e">BP135.A158 M82</subfield>
    <subfield code="v">v.1</subfield>
  </datafield>
</record>
</collection>